@book{cruse,
	author={D A Cruse},
	title={Lexical semantics},
	address={Cambridge, Mass.},
	publisher={Cambridge University Press},
	year=1986,
}

@book{bento,
	author={Bento Carlos {DIAS-DA-SILVA}},
	title={Montagem da Base da Wordnet para o Português do Brasil},
	booktitle={Relatório Técnico da Chamada CNPq 09/2001 --- Conteúdos Digitais/Edital SocInfo/ProTeM 01/2001, 01/03/2002 a 31/05/2004},
	address={Araraquara},
	publisher={CELiC, FCL, UNESP},
	year=2004,
	pages={50},
}

@incollection{bentoetal,
	author={Bento Carlos {DIAS-DA-SILVA} and M F Oliveira and H R Moraes},
	title={Groundwork for the development of the Brazilian Portuguese Wordnet},
	booktitle={Advances in natural language processing},
	editor={E M Ranchhod and N J Mamede},
	editortype={eds.},
	address={Berlin},
	publisher={Springer-Verlag},
	year=2002,
	pages={189--196},
}

@misc{eurowordnet,
	author={EuroWordNet},
	title={Rede EuroWordNet},
	url={http://www.illc.uva.nl/EuroWordNet/data/sampleData.html},
	urlaccessdate={14 fev. 2009}
}

@book{fellbaum,
	editor={C Fellbaum},
	editortype={Ed.},
	title={WordNet},
	subtitle={an electronic lexical database},
	address={Cambridge, Mass./London},
	publisher={The MIT Press},
	year=1998
}


@misc{ferreira,
	author={A B H Ferreira},
	title={Dicionário Aurélio eletrônico século~\textsc{xxi}~(v.~3.0)},
	address={São Paulo},
	publisher={Lexikon Informática Ltda.},
	year=1999
}

@misc{flexner,
	editor={S B Flexner},
	editortype={Ed.},
	title={Random House Webster's unabridge electronic dictionary (v.~2.0)},
	address={New York},
	publisher={Random House Inc.},
	year=1997
}

@book{handke,
	author={J Handke},
	title={The structure of the lexicon},
	subtitle={human versus machine},
	address={Berlim},
	publisher={Mouton de Gruyter},
	year=1995
}

@book{houaissweb,
	author={Antonio Houaiss and I Cardim},
	title={Webster's Dicionário Inglês--Português},
	address={Rio de Janeiro},
	publisher={Record},
	year=2005
}

@book{houaiss,
	author={Antonio Houaiss and M S Villar},
	title={Dicionário Houaiss da língua portuguesa},
	address={Rio de Janeiro},
	publisher={Objetiva},
	year=2001
}

@book{levin,
	author={B Levin},
	title={English verb classes and alternations},
	subtitle={a preliminary investigation},
	address={Chicago},
	publisher={The University of Chicago Press},
	year=1993
}

@book{marrafa,
	author={P Marrafa},
	title={WordNet do Português},
	subtitle={Uma base de dados de conhecimento linguístico},
	address={Lisboa},
	publisher={Instituto Camões},
	year=2001
}

@article{miller,
	author={G Miller and C Fellbaum},
	title={Semantic networks of English},
	journal={Cognition},
	volume={41},
	number={1--3},
	year=1991,
	pages={197--229}
}

@book{scott,
	author={M Scott},
	title={WordSmith Tools version~3.0},
	address={Oxford},
	publisher={Oxford University Press},
	year=2001
}

@book{taylor,
	author={J L Taylor},
	title={Webster's Portuguese--English Dictionary},
	address={Rio de Janeiro},
	publisher={Record},
	year=2003
}

@article{vossen,
	author={P Vossen},
	title={Special issue on {EuroWordNet}},
	journal={Computers and the humanities},
	volume={32},
	number={2--3},
	year=1998,
	publisher={Kluwer Academic Publishers},
	address={Dordrecht/Boston/London}
}

@book{saint,
	editor={P {SAINT-DIZIER} and E Viegas},
	editortype={eds.},
	title={Computational lexical semantics},
	address={Cambridge},
	publisher={Cambridge University Press},
	year=1995
}

@misc{weiszflog,
	editor={W Weiszflog},
	editortype={Ed.},
	title={Michaelis português},
	subtitle={moderno dicionário da língua portuguesa (v.~1.1)},
	address={São Paulo},
	publisher={DTS Software Brasil Ltda.},
	year=1998
}

@misc{wordnet,
	title={Rede WordNet de Princeton on-line},
	url={http://wordnetweb.princeton.edu/perl/webwn},
	urlaccessdate={14 fev. 2009}
}

@misc{git,
	title={Git},
	url={http://git-scm.com/},
	urlaccessdate={19 mar 2011},
	year=2011
}

@book{riemer,
	author={Nick Riemer},
	title={Introducing semantics},
	address={New York},
	publisher={Cambridge University Press},
	year=2010
}

@article{vossenetal,
	author={Piek Vossen and Laura Bloksma and Antonietta Alonge and Elisbetta Marinai and Carol Peters and Irene Castellon and Antonia Marti and German Rigau},
	title={Compatibility in interpretation of relations in {EuroWordNet}},
	journal={Computers and the humanities},
	year=1998,
	publisher={Kluwer Academic Publishers},
	address={Dordrecht/Boston/London},
	volume={32},
	pages={153--184}
}

@misc{nilc,
	title={Corpus do NILC},
	url={http://www.linguateca.pt/acesso/corpus.php?corpus=SAOCARLOS},
	urlaccessdate={6 abr. 2011},
	year=2011
}

@article{peters,
	author={Wim Peters and Piek Vossen and Pedro D{\'i}ez-Orzas and Geert Adriaens},
	title={Cross-linguistic alignment of wordnets with an inter-lingual-index},
	journal={Computers and the humanities},
	year=1998,
	publisher={Kluwer Academic Publishers},
	address={Dordrecht/Boston/London},
	volume={32},
	pages={221--251}
}

@book{debora,
	author={Débora Domiciano Garcia and Bento Carlos Dias{-}da{-}Silva},
	title={O alinhamento de wordnets},
	address={Araraquara},
	publisher={CELiC, FCL, UNESP},
	year=2010
}
